@inproceedings{
hendrycks2017a,
title={A Baseline for Detecting Misclassified and Out-of-Distribution Examples in Neural Networks},
author={Dan Hendrycks and Kevin Gimpel},
booktitle={International Conference on Learning Representations},
year={2017},
}

@article{ROY201911,
title = {Bayesian QuickNAT: Model uncertainty in deep whole-brain segmentation for structure-wise quality control},
journal = {NeuroImage},
volume = {195},
pages = {11-22},
year = {2019},
issn = {1053-8119},
doi = {https://doi.org/10.1016/j.neuroimage.2019.03.042},
url = {https://www.sciencedirect.com/science/article/pii/S1053811919302319},
author = {Abhijit Guha Roy and Sailesh Conjeti and Nassir Navab and Christian Wachinger},
}

@book{christoph2020interpretable,
  title={Interpretable machine learning: A guide for making black box models explainable},
  author={Christoph, Molnar},
  year={2020},
  publisher={Leanpub}
}

@article{chakraborty2018adversarial,
  title={Adversarial attacks and defences: A survey},
  author={Chakraborty, Anirban and Alam, Manaar and Dey, Vishal and Chattopadhyay, Anupam and Mukhopadhyay, Debdeep},
  journal={arXiv preprint arXiv:1810.00069},
  year={2018}
}


@InProceedings{Mukhoti_2023_CVPR,
        author    = {Mukhoti, Jishnu and Kirsch, Andreas and van Amersfoort, Joost and Torr, Philip H.S. and Gal, Yarin},
        title     = {Deep Deterministic Uncertainty: A New Simple Baseline},
        booktitle = {Proceedings of the IEEE/CVF Conference on Computer Vision and Pattern Recognition (CVPR)},
        month     = {June},
        year      = {2023},
        pages     = {24384-24394}
}

@inproceedings{wang2023gradient,
  title={Gradient-based uncertainty attribution for explainable bayesian deep learning},
  author={Wang, Hanjing and Joshi, Dhiraj and Wang, Shiqiang and Ji, Qiang},
  booktitle={Proceedings of the IEEE/CVF Conference on Computer Vision and Pattern Recognition},
  pages={12044--12053},
  year={2023}
}

@article{jospin2022hands,
  title={Hands-on Bayesian neural networks—A tutorial for deep learning users},
  author={Jospin, Laurent Valentin and Laga, Hamid and Boussaid, Farid and Buntine, Wray and Bennamoun, Mohammed},
  journal={IEEE Computational Intelligence Magazine},
  volume={17},
  number={2},
  pages={29--48},
  year={2022},
  publisher={IEEE}
}

@inproceedings{vaswani2017attention,
  title={Attention is All You Need},
  author={Vaswani, Ashish and Shazeer, Noam and Parmar, Niki and Uszkoreit, Jakob and Jones, Llion and Gomez, Aidan N and Kaiser, Łukasz and Polosukhin, Illia},
  booktitle={Advances in Neural Information Processing Systems (NeurIPS)},
  volume={30},
  pages={5998--6008},
  year={2017}
}

@article{kendall2017uncertainties,
  title={What uncertainties do we need in bayesian deep learning for computer vision?},
  author={Kendall, Alex and Gal, Yarin},
  journal={Advances in neural information processing systems},
  volume={30},
  year={2017}
}

@inproceedings{brown2020language,
  title={Language Models are Few-Shot Learners},
  author={Brown, Tom B and Mann, Benjamin and Ryder, Nick and Subbiah, Melanie and Kaplan, Jared and Dhariwal, Prafulla and Neelakantan, Arvind and Shyam, Pranav and Sastry, Girish and Askell, Amanda and others},
  booktitle={Advances in Neural Information Processing Systems (NeurIPS)},
  volume={33},
  pages={1877--1901},
  year={2020}
}

@article{gulshan2016development,
  title={Development and Validation of a Deep Learning Algorithm for Detection of Diabetic Retinopathy in Retinal Fundus Photographs},
  author={Gulshan, Varun and Peng, Lily and Coram, Marc and others},
  journal={JAMA},
  volume={316},
  number={22},
  pages={2402--2410},
  year={2016}
}

@book{murphy2012machine,
  title={Machine Learning: A Probabilistic Perspective},
  author={Murphy, Kevin P.},
  year={2012},
  publisher={MIT Press},
  address={Cambridge, MA}
}

@book{jolliffe1986principal,
  title={Principal Component Analysis},
  author={Jolliffe, Ian T.},
  year={1986},
  publisher={Springer},
  address={New York}
}


@inproceedings{teichmann2018multinet,
  title={MultiNet: Real-time Joint Semantic Reasoning for Autonomous Driving},
  author={Teichmann, Marvin and Weber, Michael and Zöllner, Jürgen M.},
  booktitle={IEEE Intelligent Vehicles Symposium (IV)},
  pages={1013--1020},
  year={2018}
}


@inproceedings{devlin2019bert,
  title={BERT: Pre-training of Deep Bidirectional Transformers for Language Understanding},
  author={Devlin, Jacob and Chang, Ming-Wei and Lee, Kenton and Toutanova, Kristina},
  booktitle={Proceedings of the 2019 Conference of the North American Chapter of the Association for Computational Linguistics (NAACL)},
  pages={4171--4186},
  year={2019}
}

@article{scao2022bloom,
  title={BLOOM: A 176B-Parameter Open-Access Multilingual Language Model},
  author={Scao, Teven Le and Fan, Angela and Akiki, Christopher and others},
  journal={arXiv preprint arXiv:2211.05100},
  year={2022}
}

@inproceedings{krizhevsky2012imagenet,
  title={ImageNet Classification with Deep Convolutional Neural Networks},
  author={Krizhevsky, Alex and Sutskever, Ilya and Hinton, Geoffrey E.},
  booktitle={Advances in Neural Information Processing Systems (NeurIPS)},
  volume={25},
  pages={1097--1105},
  year={2012}
}



@article{fort2019deep,
  title={Deep Ensembles: A Loss Landscape Perspective},
  author={Fort, Stanislav and Hu, Huiyi and Lakshminarayanan, Balaji},
  journal={arXiv preprint arXiv:1912.02757},
  year={2019}
}

@article{oala2020interval,
  title={Interval Neural Networks: Uncertainty Scores},
  author={Oala, Luis and Heiß, Cosmas and Macdonald, Jan and März, Maximilian and Samek, Wojciech and Kutyniok, Gitta},
  journal={arXiv preprint arXiv:2003.11566},
  year={2020}
}


@article{gal2016uncertainty,
  title={Uncertainty in deep learning},
  author={Gal, Yarin and others},
  year={2016},
  publisher={phd thesis, University of Cambridge}
}

@article{yoshida2017spectral,
  title={Spectral norm regularization for improving the generalizability of deep learning},
  author={Yoshida, Yuichi and Miyato, Takeru},
  journal={arXiv preprint arXiv:1705.10941},
  year={2017}
}

@inproceedings{wimmer2023quantifying,
  title={Quantifying aleatoric and epistemic uncertainty in machine learning: Are conditional entropy and mutual information appropriate measures?},
  author={Wimmer, Lisa and Sale, Yusuf and Hofman, Paul and Bischl, Bernd and H{\"u}llermeier, Eyke},
  booktitle={Uncertainty in Artificial Intelligence},
  pages={2282--2292},
  year={2023},
  organization={PMLR}
}


@inproceedings{lee2020gradients,
  title={Gradients as a measure of uncertainty in neural networks},
  author={Lee, Jinsol and AlRegib, Ghassan},
  booktitle={2020 IEEE International Conference on Image Processing (ICIP)},
  pages={2416--2420},
  year={2020},
  organization={IEEE}
}


@inproceedings{kopetzki2021evaluating,
  title={Evaluating robustness of predictive uncertainty estimation: Are Dirichlet-based models reliable?},
  author={Kopetzki, Anna-Kathrin and Charpentier, Bertrand and Z{\"u}gner, Daniel and Giri, Sandhya and G{\"u}nnemann, Stephan},
  booktitle={International Conference on Machine Learning},
  pages={5707--5718},
  year={2021},
  organization={PMLR}
}

@article{settles2009active,
  title={Active learning literature survey},
  author={Settles, Burr},
  year={2009},
  publisher={University of Wisconsin-Madison Department of Computer Sciences}
}

@article{ren2021survey,
  title={A survey of deep active learning},
  author={Ren, Pengzhen and Xiao, Yun and Chang, Xiaojun and Huang, Po-Yao and Li, Zhihui and Gupta, Brij B and Chen, Xiaojiang and Wang, Xin},
  journal={ACM computing surveys (CSUR)},
  volume={54},
  number={9},
  pages={1--40},
  year={2021},
  publisher={ACM New York, NY}
}

@article{QCYK202405002,
author = {  赵洋 and     王潇 and     蔡柠泽 and 程洪},
title = {自动驾驶目标检测不确定性估计方法综述},
journal = {汽车工程学报},
volume = {14},
number = {05},
pages = {760-771},
year = {2024},
issn = {2095-1469},
}    

@phdthesis { 1024642336.nh,
author = { 邹可 },
title = {面向医学图像分析的深度学习模型及其证据不确定性估计方法研究},
school = {四川大学},
year = {2024}
}

@mastersthesis { 1022812574.nh,
author = { 郭晓亭 },
title = {基于模型不确定性的细粒度文本情感分析研究},
school = {国防科技大学},
year = {2021}
}



@article{he2023survey,
  title={A survey on uncertainty quantification methods for deep learning},
  author={He, Wenchong and Jiang, Zhe and Xiao, Tingsong and Xu, Zelin and Li, Yukun},
  journal={arXiv preprint arXiv:2302.13425},
  year={2023}
}


@article{abdar2021review,
  title={A review of uncertainty quantification in deep learning: Techniques, applications and challenges},
  author={Abdar, Moloud and Pourpanah, Farhad and Hussain, Sadiq and Rezazadegan, Dana and Liu, Li and Ghavamzadeh, Mohammad and Fieguth, Paul and Cao, Xiaochun and Khosravi, Abbas and Acharya, U Rajendra and others},
  journal={Information fusion},
  volume={76},
  pages={243--297},
  year={2021},
  publisher={Elsevier}
}

@misc{zhang2024discriminantdistanceawarerepresentationdeterministic,
      title={Discriminant Distance-Aware Representation on Deterministic Uncertainty Quantification Methods}, 
      author={Jiaxin Zhang and Kamalika Das and Sricharan Kumar},
      year={2024},
      eprint={2402.12664},
      archivePrefix={arXiv},
      primaryClass={cs.LG},
}

@inproceedings{blundell2015weight,
  title={Weight uncertainty in neural network},
  author={Blundell, Charles and Cornebise, Julien and Kavukcuoglu, Koray and Wierstra, Daan},
  booktitle={International conference on machine learning},
  pages={1613--1622},
  year={2015},
  organization={PMLR}
}

@inproceedings{ritter2018scalable,
  title={A scalable laplace approximation for neural networks},
  author={Ritter, Hippolyt and Botev, Aleksandar and Barber, David},
  booktitle={6th international conference on learning representations, ICLR 2018-conference track proceedings},
  volume={6},
  year={2018},
  organization={International Conference on Representation Learning}
}

@inproceedings{gal2016dropout,
  title={Dropout as a bayesian approximation: Representing model uncertainty in deep learning},
  author={Gal, Yarin and Ghahramani, Zoubin},
  booktitle={international conference on machine learning},
  pages={1050--1059},
  year={2016},
  organization={PMLR}
}

@article{lakshminarayanan2017simple,
  title={Simple and scalable predictive uncertainty estimation using deep ensembles},
  author={Lakshminarayanan, Balaji and Pritzel, Alexander and Blundell, Charles},
  journal={Advances in neural information processing systems},
  volume={30},
  year={2017}
}


@article{
lin2024generating,
title={Generating with Confidence: Uncertainty Quantification for Black-box Large Language Models},
author={Zhen Lin and Shubhendu Trivedi and Jimeng Sun},
journal={Transactions on Machine Learning Research},
issn={2835-8856},
year={2024},
url={https://openreview.net/forum?id=DWkJCSxKU5},
note={}
}

@article{wen2020batchensemble,
  title={Batchensemble: an alternative approach to efficient ensemble and lifelong learning},
  author={Wen, Yeming and Tran, Dustin and Ba, Jimmy},
  journal={arXiv preprint arXiv:2002.06715},
  year={2020}
}

@article{van2021feature,
  title={On feature collapse and deep kernel learning for single forward pass uncertainty},
  author={Van Amersfoort, Joost and Smith, Lewis and Jesson, Andrew and Key, Oscar and Gal, Yarin},
  journal={arXiv preprint arXiv:2102.11409},
  year={2021}
}

@inproceedings{welling2011bayesian,
  title={Bayesian learning via stochastic gradient Langevin dynamics},
  author={Welling, Max and Teh, Yee W},
  booktitle={Proceedings of the 28th international conference on machine learning (ICML-11)},
  pages={681--688},
  year={2011},
  organization={Citeseer}
}

@article{shanmugam2020and,
  title={When and why test-time augmentation works},
  author={Shanmugam, Divya and Blalock, Davis and Balakrishnan, Guha and Guttag, John},
  journal={arXiv preprint arXiv:2011.11156},
  volume={1},
  number={3},
  pages={4},
  year={2020}
}

@article{malinin2018predictive,
  title={Predictive uncertainty estimation via prior networks},
  author={Malinin, Andrey and Gales, Mark},
  journal={Advances in neural information processing systems},
  volume={31},
  year={2018}
}

@inproceedings{raghu2019direct,
  title={Direct uncertainty prediction for medical second opinions},
  author={Raghu, Maithra and Blumer, Katy and Sayres, Rory and Obermeyer, Ziad and Kleinberg, Bobby and Mullainathan, Sendhil and Kleinberg, Jon},
  booktitle={International Conference on Machine Learning},
  pages={5281--5290},
  year={2019},
  organization={PMLR}
}

@article{wang2019aleatoric,
  title={Aleatoric uncertainty estimation with test-time augmentation for medical image segmentation with convolutional neural networks},
  author={Wang, Guotai and Li, Wenqi and Aertsen, Michael and Deprest, Jan and Ourselin, S{\'e}bastien and Vercauteren, Tom},
  journal={Neurocomputing},
  volume={338},
  pages={34--45},
  year={2019},
  publisher={Elsevier}
}

@inproceedings{pan2020towards,
  title={Towards better performance and more explainable uncertainty for 3D object detection of autonomous vehicles},
  author={Pan, Hujie and Wang, Zining and Zhan, Wei and Tomizuka, Masayoshi},
  booktitle={2020 IEEE 23rd International Conference on Intelligent Transportation Systems (ITSC)},
  pages={1--7},
  year={2020},
  organization={IEEE}
}

@article{Aksoy2019SalsaNetFR,
  title={SalsaNet: Fast Road and Vehicle Segmentation in LiDAR Point Clouds for Autonomous Driving},
  author={Eren Erdal Aksoy and Saimir Baci and Selçuk Çavdar},
  journal={2020 IEEE Intelligent Vehicles Symposium (IV)},
  year={2019},
  pages={926-932},
  url={https://api.semanticscholar.org/CorpusID:202661197}
}

@inproceedings{feng2018towards,
  title={Towards safe autonomous driving: Capture uncertainty in the deep neural network for lidar 3d vehicle detection},
  author={Feng, Di and Rosenbaum, Lars and Dietmayer, Klaus},
  booktitle={2018 21st international conference on intelligent transportation systems (ITSC)},
  pages={3266--3273},
  year={2018},
  organization={IEEE}
}


@inproceedings{cortinhal2020salsanext,
  title={Salsanext: Fast, uncertainty-aware semantic segmentation of lidar point clouds},
  author={Cortinhal, Tiago and Tzelepis, George and Erdal Aksoy, Eren},
  booktitle={Advances in Visual Computing: 15th International Symposium, ISVC 2020, San Diego, CA, USA, October 5--7, 2020, Proceedings, Part II 15},
  pages={207--222},
  year={2020},
  organization={Springer}
}

@article{han2019attention,
  title={An attention-based neural framework for uncertainty identification on social media texts},
  author={Han, Xu and Li, Binyang and Wang, Zhuoran},
  journal={Tsinghua Science and Technology},
  volume={25},
  number={1},
  pages={117--126},
  year={2019},
  publisher={TUP}
}

@article{wong2025quantifying,
  title={Quantifying neural network uncertainty under volatility clustering},
  author={Wong, Steven YK and Chan, Jennifer SK and Azizi, Lamiae},
  journal={Neurocomputing},
  volume={614},
  pages={128816},
  year={2025},
  publisher={Elsevier}
}

@article{peretroukhin2020smooth,
  title={A smooth representation of belief over so (3) for deep rotation learning with uncertainty},
  author={Peretroukhin, Valentin and Giamou, Matthew and Rosen, David M and Greene, W Nicholas and Roy, Nicholas and Kelly, Jonathan},
  journal={arXiv preprint arXiv:2006.01031},
  year={2020}
}


@inproceedings{yang2020d3vo,
  title={D3vo: Deep depth, deep pose and deep uncertainty for monocular visual odometry},
  author={Yang, Nan and Stumberg, Lukas von and Wang, Rui and Cremers, Daniel},
  booktitle={Proceedings of the IEEE/CVF conference on computer vision and pattern recognition},
  pages={1281--1292},
  year={2020}
}

@article{sensoy2018evidential,
  title={Evidential deep learning to quantify classification uncertainty},
  author={Sensoy, Murat and Kaplan, Lance and Kandemir, Melih},
  journal={Advances in neural information processing systems},
  volume={31},
  year={2018}
}

@article{nair2020exploring,
  title={Exploring uncertainty measures in deep networks for multiple sclerosis lesion detection and segmentation},
  author={Nair, Tanya and Precup, Doina and Arnold, Douglas L and Arbel, Tal},
  journal={Medical image analysis},
  volume={59},
  pages={101557},
  year={2020},
  publisher={Elsevier}
}

@article{charpentier2023training,
  title={Training, architecture, and prior for deterministic uncertainty methods},
  author={Charpentier, Bertrand and Zhang, Chenxiang and G{\"u}nnemann, Stephan},
  journal={arXiv preprint arXiv:2303.05796},
  year={2023}
}


@inproceedings{van2020uncertainty,
  title={Uncertainty estimation using a single deep deterministic neural network},
  author={Van Amersfoort, Joost and Smith, Lewis and Teh, Yee Whye and Gal, Yarin},
  booktitle={International conference on machine learning},
  pages={9690--9700},
  year={2020},
  organization={PMLR}
}

@article{liu2020simple,
  title={Simple and principled uncertainty estimation with deterministic deep learning via distance awareness},
  author={Liu, Jeremiah and Lin, Zi and Padhy, Shreyas and Tran, Dustin and Bedrax Weiss, Tania and Lakshminarayanan, Balaji},
  journal={Advances in neural information processing systems},
  volume={33},
  pages={7498--7512},
  year={2020}
}

@article{hullermeier2021aleatoric,
  title={Aleatoric and epistemic uncertainty in machine learning: An introduction to concepts and methods},
  author={H{\"u}llermeier, Eyke and Waegeman, Willem},
  journal={Machine learning},
  volume={110},
  number={3},
  pages={457--506},
  year={2021},
  publisher={Springer}
}

@article{goan2020bayesian,
  title={Bayesian neural networks: An introduction and survey},
  author={Goan, Ethan and Fookes, Clinton},
  journal={Case Studies in Applied Bayesian Data Science: CIRM Jean-Morlet Chair, Fall 2018},
  pages={45--87},
  year={2020},
  publisher={Springer}
}

@book{mackay1996bayesian,
  title={Bayesian Learning for Neural Networks},
  author={MacKay, David J. C.},
  year={1996},
  publisher={Springer}
}

@article{kaya2019deep,
  title={Deep metric learning: A survey},
  author={Kaya, Mahmut and Bilge, Hasan {\c{S}}akir},
  journal={Symmetry},
  volume={11},
  number={9},
  pages={1066},
  year={2019},
  publisher={MDPI}
}

@article{kulis2013metric,
  title={Metric learning: A survey},
  author={Kulis, Brian and others},
  journal={Foundations and Trends{\textregistered} in Machine Learning},
  volume={5},
  number={4},
  pages={287--364},
  year={2013},
  publisher={Now Publishers, Inc.}
}

@inproceedings{bromley1994signature,
  title={Signature verification using a ``Siamese'' time delay neural network},
  author={Bromley, Jane and Guyon, Isabelle and LeCun, Yann and S{\"a}ckinger, Eduard and Shah, Roopak},
  booktitle={Advances in Neural Information Processing Systems (NeurIPS)},
  volume={6},
  pages={737--744},
  year={1994},
  publisher={Morgan Kaufmann}
}
@inproceedings{schroff2015facenet,
  title={FaceNet: A Unified Embedding for Face Recognition and Clustering},
  author={Schroff, Florian and Kalenichenko, Dmitry and Philbin, James},
  booktitle={Proceedings of the IEEE Conference on Computer Vision and Pattern Recognition (CVPR)},
  pages={815--823},
  year={2015}
}
@inproceedings{hadsell2006dimensionality,
  title={Dimensionality Reduction by Learning an Invariant Mapping},
  author={Hadsell, Raia and Chopra, Sumit and LeCun, Yann},
  booktitle={Proceedings of the IEEE Conference on Computer Vision and Pattern Recognition (CVPR)},
  pages={1735--1742},
  year={2006},
  organization={IEEE}
}

@inproceedings{pearce2018high,
  title={High-quality prediction intervals for deep learning: A distribution-free, ensembled approach},
  author={Pearce, Tim and Brintrup, Alexandra and Zaki, Mohamed and Neely, Andy},
  booktitle={International conference on machine learning},
  pages={4075--4084},
  year={2018},
  organization={PMLR}
}
@article{rousseeuw1987silhouettes,
  title={Silhouettes: a graphical aid to the interpretation and validation of cluster analysis},
  author={Rousseeuw, Peter J},
  journal={Journal of computational and applied mathematics},
  volume={20},
  pages={53--65},
  year={1987},
  publisher={Elsevier}
}

@article{davies1979cluster,
  title={A cluster separation measure},
  author={Davies, David L and Bouldin, Donald W},
  journal={IEEE transactions on pattern analysis and machine intelligence},
  number={2},
  pages={224--227},
  year={1979},
  publisher={IEEE}
}

@inproceedings{guo2017calibration,
  title={On calibration of modern neural networks},
  author={Guo, Chuan and Pleiss, Geoff and Sun, Yu and Weinberger, Kilian Q},
  booktitle={International conference on machine learning},
  pages={1321--1330},
  year={2017},
  organization={PMLR}
}


@article{yang2006distance,
  title={Distance metric learning: A comprehensive survey},
  author={Yang, Liu and Jin, Rong},
  journal={Michigan State Universiy},
  volume={2},
  number={2},
  pages={4},
  year={2006}
}


@article{gawlikowski2023survey,
  title={A survey of uncertainty in deep neural networks},
  author={Gawlikowski, Jakob and Tassi, Cedrique Rovile Njieutcheu and Ali, Mohsin and Lee, Jongseok and Humt, Matthias and Feng, Jianxiang and Kruspe, Anna and Triebel, Rudolph and Jung, Peter and Roscher, Ribana and others},
  journal={Artificial Intelligence Review},
  volume={56},
  number={Suppl 1},
  pages={1513--1589},
  year={2023},
  publisher={Springer}
}

@article{kuhn2023semantic,
  title={Semantic uncertainty: Linguistic invariances for uncertainty estimation in natural language generation},
  author={Kuhn, Lorenz and Gal, Yarin and Farquhar, Sebastian},
  journal={arXiv preprint arXiv:2302.09664},
  year={2023}
}

@article{goodfellow2015explaining,
  title={EXPLAINING AND HARNESSING ADVERSARIAL EXAMPLES},
  author={Goodfellow, Ian J and Shlens, Jonathon and Szegedy, Christian},
  journal={stat},
  volume={1050},
  pages={20},
  year={2015}
}

@article{madry2017towards,
  title={Towards deep learning models resistant to adversarial attacks},
  author={Madry, Aleksander},
  journal={arXiv preprint arXiv:1706.06083},
  year={2017}
}

@article{liang2017enhancing,
  title={Enhancing the reliability of out-of-distribution image detection in neural networks},
  author={Liang, Shiyu and Li, Yixuan and Srikant, Rayadurgam},
  journal={arXiv preprint arXiv:1706.02690},
  year={2017}
}


@article{huang2021importance,
  title={On the importance of gradients for detecting distributional shifts in the wild},
  author={Huang, Rui and Geng, Andrew and Li, Yixuan},
  journal={Advances in Neural Information Processing Systems},
  volume={34},
  pages={677--689},
  year={2021}
}


@article{kim2020torchattacks,
title={Torchattacks: A pytorch repository for adversarial attacks},
author={Kim, Hoki},
journal={arXiv preprint arXiv:2010.01950},
year={2020}
}

@article{simonyan2014very,
  title={Very deep convolutional networks for large-scale image recognition},
  author={Simonyan, Karen and Zisserman, Andrew},
  journal={arXiv preprint arXiv:1409.1556},
  year={2014}
}

@inproceedings{he2016deep,
  title={Deep residual learning for image recognition},
  author={He, Kaiming and Zhang, Xiangyu and Ren, Shaoqing and Sun, Jian},
  booktitle={Proceedings of the IEEE conference on computer vision and pattern recognition},
  pages={770--778},
  year={2016}
}

@article{dosovitskiy2020image,
  title={An image is worth 16x16 words: Transformers for image recognition at scale},
  author={Dosovitskiy, Alexey},
  journal={arXiv preprint arXiv:2010.11929},
  year={2020}
}

@techreport{Krizhevsky2009,
  title={Learning Multiple Layers of Features from Tiny Images},
  author={Krizhevsky, Alex},
  year={2009},
  institution={University of Toronto},
  note={Technical Report},
  url={https://www.cs.toronto.edu/~kriz/learning-features-2009-TR.pdf}
}


@article{Netzer2011,
  title={Reading Digits in Natural Images with Unsupervised Feature Learning},
  author={Netzer, Yuval and Wang, Tao and Coates, Adam and Bissacco, Alessandro and Wu, Bo and Ng, Andrew Y.},
  year={2011},
  journal={NIPS Workshop on Deep Learning and Unsupervised Feature Learning},
  url={http://ufldl.stanford.edu/housenumbers}
}

@article{LeCun1998,
  title={Gradient-based learning applied to document recognition},
  author={LeCun, Yann and Bottou, L{\'e}on and Bengio, Yoshua and Haffner, Patrick},
  journal={Proceedings of the IEEE},
  volume={86},
  number={11},
  pages={2278--2324},
  year={1998},
  publisher={IEEE},
  url={http://yann.lecun.com/exdb/mnist/}
}

@inproceedings{Yu2015,
  title={LSUN: Construction of a Large-scale Image Dataset using Deep Learning with Humans in the Loop},
  author={Yu, Fisher and Seff, Ari and Zhang, Yinda and Song, Shuran and Funkhouser, Thomas and Xiao, Jianxiong},
  booktitle={arXiv preprint arXiv:1506.03365},
  year={2015},
  url={https://www.yf.io/p/lsun}
}


@article{kurakin2016adversarial,
  title={Adversarial machine learning at scale},
  author={Kurakin, Alexey and Goodfellow, Ian and Bengio, Samy},
  journal={arXiv preprint arXiv:1611.01236},
  year={2016}
}

@article{davis2011remarks,
  title={Remarks on some nonparametric estimates of a density function},
  author={Davis, Richard A and Lii, Keh-Shin and Politis, Dimitris N},
  journal={Selected Works of Murray Rosenblatt},
  pages={95--100},
  year={2011},
  publisher={Springer}
}

@inproceedings{valdenegro2022deeper,
  title={A deeper look into aleatoric and epistemic uncertainty disentanglement},
  author={Valdenegro-Toro, Matias and Mori, Daniel Saromo},
  booktitle={2022 IEEE/CVF Conference on Computer Vision and Pattern Recognition Workshops (CVPRW)},
  pages={1508--1516},
  year={2022},
  organization={IEEE}
}

@inproceedings{wen2016discriminative,
  title={A discriminative feature learning approach for deep face recognition},
  author={Wen, Yandong and Zhang, Kaipeng and Li, Zhifeng and Qiao, Yu},
  booktitle={Computer vision--ECCV 2016: 14th European conference, amsterdam, the netherlands, October 11--14, 2016, proceedings, part VII 14},
  pages={499--515},
  year={2016},
  organization={Springer}
}


@article{van2008visualizing,
  title={Visualizing data using t-SNE.},
  author={Van der Maaten, Laurens and Hinton, Geoffrey},
  journal={Journal of machine learning research},
  volume={9},
  number={11},
  year={2008}
}